<?xml version="1.0" encoding="UTF-8" ?>
<marc:record xmlns:marc="http://www.loc.gov/MARC21/slim">
<marc:leader>00900cas a2200253   4500</marc:leader>
<marc:controlfield tag="001">256834</marc:controlfield>

<marc:controlfield tag="008">920706s1872                        ger  </marc:controlfield>

<marc:datafield tag="035" ind1=" " ind2=" ">
<marc:subfield code="a">(Sirsi) 256834</marc:subfield>
</marc:datafield>

<marc:datafield tag="041" ind1=" " ind2=" ">
<marc:subfield code="a">ger</marc:subfield>
</marc:datafield>

<marc:datafield tag="100" ind1="1" ind2=" ">
<marc:subfield code="a">Weismann, August,</marc:subfield>
<marc:subfield code="d">1834-1914</marc:subfield>
</marc:datafield>

<marc:datafield tag="245" ind1="1" ind2="0">
<marc:subfield code="a">Uber den Einfluss der Isolirung auf die Artbildung /</marc:subfield>
<marc:subfield code="c">August Weismann </marc:subfield>
</marc:datafield>

<marc:datafield tag="260" ind1=" " ind2=" ">
<marc:subfield code="a">Leipzig :</marc:subfield>
<marc:subfield code="b">Verlag von Wilhelm Engelmann,</marc:subfield>
<marc:subfield code="c">1872 </marc:subfield>
</marc:datafield>

<marc:datafield tag="300" ind1=" " ind2=" ">
<marc:subfield code="a">iv,108 p. ;</marc:subfield>
<marc:subfield code="c">24 cm. </marc:subfield>
</marc:datafield>

<marc:datafield tag="546" ind1=" " ind2=" ">
<marc:subfield code="a">Text in German. </marc:subfield>
</marc:datafield>

<marc:datafield tag="583" ind1=" " ind2=" ">
<marc:subfield code="a">Kohler Darwin Collection Review</marc:subfield>
<marc:subfield code="c">July 2005 </marc:subfield>
</marc:datafield>

<marc:datafield tag="592" ind1=" " ind2=" ">
<marc:subfield code="a">Scanned for Darwin Library and BHL </marc:subfield>
</marc:datafield>

<marc:datafield tag="596" ind1=" " ind2=" ">
<marc:subfield code="a">5 6 </marc:subfield>
</marc:datafield>

<marc:controlfield tag="001">Catkey 163482 </marc:controlfield>

<marc:controlfield tag="001">ocm65502574 </marc:controlfield>

<marc:datafield tag="909" ind1=" " ind2=" ">
<marc:subfield code="a">65502574 </marc:subfield>
</marc:datafield>

<marc:datafield tag="590" ind1="1" ind2=" ">
<marc:subfield code="a">Itemid 374762 </marc:subfield>
</marc:datafield>

<marc:datafield tag="590" ind1="1" ind2=" ">
<marc:subfield code="a">Itemid 374763 </marc:subfield>
</marc:datafield>

<marc:datafield tag="999" ind1=" " ind2=" ">
<marc:subfield code="a">9 o W</marc:subfield>
<marc:subfield code="w">WOODWARD</marc:subfield>
<marc:subfield code="c">1</marc:subfield>
<marc:subfield code="i">374762</marc:subfield>
<marc:subfield code="d">27/3/1998</marc:subfield>
<marc:subfield code="l">SHELVES</marc:subfield>
<marc:subfield code="m">ZOOLOGY</marc:subfield>
<marc:subfield code="r">Y</marc:subfield>
<marc:subfield code="s">Y</marc:subfield>
<marc:subfield code="t">BOOK</marc:subfield>
<marc:subfield code="u">27/3/1998</marc:subfield>
<marc:subfield code="x">MAIN</marc:subfield>
<marc:subfield code="z">OCTAVO </marc:subfield>
</marc:datafield>

<marc:datafield tag="999" ind1=" " ind2=" ">
<marc:subfield code="a">ROTHSCHILD LIB. 71/D</marc:subfield>
<marc:subfield code="w">WOODWARD</marc:subfield>
<marc:subfield code="c">1</marc:subfield>
<marc:subfield code="i">374763</marc:subfield>
<marc:subfield code="d">27/3/1998</marc:subfield>
<marc:subfield code="l">SHELVES</marc:subfield>
<marc:subfield code="m">TRING</marc:subfield>
<marc:subfield code="r">Y</marc:subfield>
<marc:subfield code="s">Y</marc:subfield>
<marc:subfield code="t">BOOK</marc:subfield>
<marc:subfield code="u">27/3/1998</marc:subfield>
<marc:subfield code="x">RARE </marc:subfield>
</marc:datafield>

</marc:record>